%YAML 1.1
%TAG !u! tag:unity3d.com,2011:
--- !u!1 &8797921250712623041
GameObject:
  m_ObjectHideFlags: 0
  m_CorrespondingSourceObject: {fileID: 0}
  m_PrefabInstance: {fileID: 0}
  m_PrefabAsset: {fileID: 0}
  serializedVersion: 6
  m_Component:
  - component: {fileID: 6319605424302471352}
  - component: {fileID: 3276828977666167017}
  - component: {fileID: 5294915601858644928}
  - component: {fileID: 337791590988563956}
  - component: {fileID: 5546272777662593050}
  - component: {fileID: 2349385744792409467}
  m_Layer: 0
  m_Name: Perrata
  m_TagString: Untagged
  m_Icon: {fileID: 0}
  m_NavMeshLayer: 0
  m_StaticEditorFlags: 0
  m_IsActive: 1
--- !u!4 &6319605424302471352
Transform:
  m_ObjectHideFlags: 0
  m_CorrespondingSourceObject: {fileID: 0}
  m_PrefabInstance: {fileID: 0}
  m_PrefabAsset: {fileID: 0}
  m_GameObject: {fileID: 8797921250712623041}
  m_LocalRotation: {x: 0, y: 0, z: 0, w: 1}
  m_LocalPosition: {x: 1.38, y: -1.85, z: 0}
  m_LocalScale: {x: 1, y: 1, z: 1}
  m_Children:
  - {fileID: 1201174803420958352}
  m_Father: {fileID: 0}
  m_RootOrder: 0
  m_LocalEulerAnglesHint: {x: 0, y: 0, z: 0}
--- !u!212 &3276828977666167017
SpriteRenderer:
  m_ObjectHideFlags: 0
  m_CorrespondingSourceObject: {fileID: 0}
  m_PrefabInstance: {fileID: 0}
  m_PrefabAsset: {fileID: 0}
  m_GameObject: {fileID: 8797921250712623041}
  m_Enabled: 1
  m_CastShadows: 0
  m_ReceiveShadows: 0
  m_DynamicOccludee: 1
  m_MotionVectors: 1
  m_LightProbeUsage: 1
  m_ReflectionProbeUsage: 1
  m_RenderingLayerMask: 1
  m_RendererPriority: 0
  m_Materials:
  - {fileID: 10754, guid: 0000000000000000f000000000000000, type: 0}
  m_StaticBatchInfo:
    firstSubMesh: 0
    subMeshCount: 0
  m_StaticBatchRoot: {fileID: 0}
  m_ProbeAnchor: {fileID: 0}
  m_LightProbeVolumeOverride: {fileID: 0}
  m_ScaleInLightmap: 1
  m_PreserveUVs: 0
  m_IgnoreNormalsForChartDetection: 0
  m_ImportantGI: 0
  m_StitchLightmapSeams: 0
  m_SelectedEditorRenderState: 0
  m_MinimumChartSize: 4
  m_AutoUVMaxDistance: 0.5
  m_AutoUVMaxAngle: 89
  m_LightmapParameters: {fileID: 0}
  m_SortingLayerID: 0
  m_SortingLayer: 0
  m_SortingOrder: 2
  m_Sprite: {fileID: 21300000, guid: 15e70f8835694f044bf2be803bdc8e76, type: 3}
  m_Color: {r: 1, g: 1, b: 1, a: 1}
  m_FlipX: 0
  m_FlipY: 0
  m_DrawMode: 0
  m_Size: {x: 2, y: 2.01}
  m_AdaptiveModeThreshold: 0.5
  m_SpriteTileMode: 0
  m_WasSpriteAssigned: 1
  m_MaskInteraction: 0
  m_SpriteSortPoint: 0
--- !u!58 &5294915601858644928
CircleCollider2D:
  m_ObjectHideFlags: 0
  m_CorrespondingSourceObject: {fileID: 0}
  m_PrefabInstance: {fileID: 0}
  m_PrefabAsset: {fileID: 0}
  m_GameObject: {fileID: 8797921250712623041}
  m_Enabled: 1
  m_Density: 1
  m_Material: {fileID: 0}
  m_IsTrigger: 1
  m_UsedByEffector: 0
  m_UsedByComposite: 0
  m_Offset: {x: -0.12, y: -0.033519983}
  serializedVersion: 2
  m_Radius: 0.71843076
--- !u!114 &337791590988563956
MonoBehaviour:
  m_ObjectHideFlags: 0
  m_CorrespondingSourceObject: {fileID: 0}
  m_PrefabInstance: {fileID: 0}
  m_PrefabAsset: {fileID: 0}
  m_GameObject: {fileID: 8797921250712623041}
  m_Enabled: 1
  m_EditorHideFlags: 0
  m_Script: {fileID: 11500000, guid: 67d1a7e2cd8e8444dbd929c8c196cc9f, type: 3}
  m_Name: 
  m_EditorClassIdentifier: 
  pressed: 0
  seguir: 1
  Moneda: {fileID: 2021993029911109861}
--- !u!50 &5546272777662593050
Rigidbody2D:
  serializedVersion: 4
  m_ObjectHideFlags: 0
  m_CorrespondingSourceObject: {fileID: 0}
  m_PrefabInstance: {fileID: 0}
  m_PrefabAsset: {fileID: 0}
  m_GameObject: {fileID: 8797921250712623041}
  m_BodyType: 0
  m_Simulated: 1
  m_UseFullKinematicContacts: 0
  m_UseAutoMass: 0
  m_Mass: 1
  m_LinearDrag: 0
  m_AngularDrag: 0.05
  m_GravityScale: 0
  m_Material: {fileID: 0}
  m_Interpolate: 0
  m_SleepingMode: 1
  m_CollisionDetection: 0
  m_Constraints: 0
--- !u!95 &2349385744792409467
Animator:
  serializedVersion: 3
  m_ObjectHideFlags: 0
  m_CorrespondingSourceObject: {fileID: 0}
  m_PrefabInstance: {fileID: 0}
  m_PrefabAsset: {fileID: 0}
  m_GameObject: {fileID: 8797921250712623041}
  m_Enabled: 1
  m_Avatar: {fileID: 0}
  m_Controller: {fileID: 9100000, guid: 7513e29fa9c8e2d4081bce0ed23877bd, type: 2}
  m_CullingMode: 0
  m_UpdateMode: 0
  m_ApplyRootMotion: 0
  m_LinearVelocityBlending: 0
  m_WarningMessage: 
  m_HasTransformHierarchy: 1
  m_AllowConstantClipSamplingOptimization: 1
  m_KeepAnimatorControllerStateOnDisable: 0
--- !u!1001 &5798578966608023622
PrefabInstance:
  m_ObjectHideFlags: 0
  serializedVersion: 2
  m_Modification:
    m_TransformParent: {fileID: 6319605424302471352}
    m_Modifications:
    - target: {fileID: 5509942125385740451, guid: 7bbf9d3e4f9452b4ab0cbad5e2030a8d,
        type: 3}
      propertyPath: m_Name
      value: monedas_evo1
      objectReference: {fileID: 0}
    - target: {fileID: 4671322187170799318, guid: 7bbf9d3e4f9452b4ab0cbad5e2030a8d,
        type: 3}
      propertyPath: m_LocalPosition.x
      value: 0
      objectReference: {fileID: 0}
    - target: {fileID: 4671322187170799318, guid: 7bbf9d3e4f9452b4ab0cbad5e2030a8d,
        type: 3}
      propertyPath: m_LocalPosition.y
      value: 0
      objectReference: {fileID: 0}
    - target: {fileID: 4671322187170799318, guid: 7bbf9d3e4f9452b4ab0cbad5e2030a8d,
        type: 3}
      propertyPath: m_LocalPosition.z
      value: -0.008659233
      objectReference: {fileID: 0}
    - target: {fileID: 4671322187170799318, guid: 7bbf9d3e4f9452b4ab0cbad5e2030a8d,
        type: 3}
      propertyPath: m_LocalRotation.x
      value: -0
      objectReference: {fileID: 0}
    - target: {fileID: 4671322187170799318, guid: 7bbf9d3e4f9452b4ab0cbad5e2030a8d,
        type: 3}
      propertyPath: m_LocalRotation.y
      value: -0
      objectReference: {fileID: 0}
    - target: {fileID: 4671322187170799318, guid: 7bbf9d3e4f9452b4ab0cbad5e2030a8d,
        type: 3}
      propertyPath: m_LocalRotation.z
      value: -0
      objectReference: {fileID: 0}
    - target: {fileID: 4671322187170799318, guid: 7bbf9d3e4f9452b4ab0cbad5e2030a8d,
        type: 3}
      propertyPath: m_LocalRotation.w
      value: 1
      objectReference: {fileID: 0}
    - target: {fileID: 4671322187170799318, guid: 7bbf9d3e4f9452b4ab0cbad5e2030a8d,
        type: 3}
      propertyPath: m_RootOrder
      value: 0
      objectReference: {fileID: 0}
    - target: {fileID: 4671322187170799318, guid: 7bbf9d3e4f9452b4ab0cbad5e2030a8d,
        type: 3}
      propertyPath: m_LocalEulerAnglesHint.x
      value: 0
      objectReference: {fileID: 0}
    - target: {fileID: 4671322187170799318, guid: 7bbf9d3e4f9452b4ab0cbad5e2030a8d,
        type: 3}
      propertyPath: m_LocalEulerAnglesHint.y
      value: 0
      objectReference: {fileID: 0}
    - target: {fileID: 4671322187170799318, guid: 7bbf9d3e4f9452b4ab0cbad5e2030a8d,
        type: 3}
      propertyPath: m_LocalEulerAnglesHint.z
      value: 0
      objectReference: {fileID: 0}
    m_RemovedComponents: []
  m_SourcePrefab: {fileID: 100100000, guid: 7bbf9d3e4f9452b4ab0cbad5e2030a8d, type: 3}
--- !u!1 &2021993029911109861 stripped
GameObject:
  m_CorrespondingSourceObject: {fileID: 5509942125385740451, guid: 7bbf9d3e4f9452b4ab0cbad5e2030a8d,
    type: 3}
  m_PrefabInstance: {fileID: 5798578966608023622}
  m_PrefabAsset: {fileID: 0}
--- !u!4 &1201174803420958352 stripped
Transform:
  m_CorrespondingSourceObject: {fileID: 4671322187170799318, guid: 7bbf9d3e4f9452b4ab0cbad5e2030a8d,
    type: 3}
  m_PrefabInstance: {fileID: 5798578966608023622}
  m_PrefabAsset: {fileID: 0}
